@article{zash2018neural,
	title={Neural-tube defects with dolutegravir treatment from the time of conception},
	author={Zash, Rebecca and Makhema, Joseph and Shapiro, Roger L},
	journal={The New England journal of medicine},
	volume={379},
	number={10},
	pages={979},
	year={2018},
	publisher={NIH Public Access}
}
@article{gsponer2012causal,
	title={The causal effect of switching to second--line ART in programmes without access to routine viral load monitoring},
	author={Gsponer, Thomas and Petersen, Maya and Egger, Matthias and Phiri, Sam and Maathuis, Marloes H and Boulle, Andrew and Musondad, Patrick and Tweya, Hannock and Peter, Karin and Chi, Benjamin H and others},
	journal={AIDS (London, England)},
	volume={26},
	number={1},
	pages={57},
	year={2012},
	publisher={NIH Public Access}
}

@inproceedings{ramadhani2016effect,
	title={The effect of switching to second-line antiretroviral therapy on the risk of opportunistic infections among patients infected with human immunodeficiency virus in northern Tanzania},
	author={Ramadhani, Habib O and Bartlett, John A and Thielman, Nathan M and Pence, Brian W and Kimani, Stephen M and Maro, Venance P and Mwako, Mtumwa S and Masaki, Lazaro J and Mmbando, Calvin E and Minja, Mary G and others},
	booktitle={Open forum infectious diseases},
	volume={3},
	number={1},
	year={2016},
	organization={Oxford University Press}
}

@article{rhee2019systematic,
	title={A systematic review of the genetic mechanisms of dolutegravir resistance},
	author={Rhee, Soo-Yon and Grant, Philip M and Tzou, Philip L and Barrow, Geoffrey and Harrigan, P Richard and Ioannidis, John PA and Shafer, Robert W},
	journal={Journal of Antimicrobial Chemotherapy},
	volume={74},
	number={11},
	pages={3135--3149},
	year={2019},
	publisher={Oxford University Press}
}

@article{norwood2017weight,
	title={Weight gain in persons with HIV switched from efavirenz-based to integrase strand transfer inhibitor-based regimens},
	author={Norwood, Jamison and Turner, Megan and Bofill, Carmen and Rebeiro, Peter and Shepherd, Bryan and Bebawy, Sally and Hulgan, Todd and Raffanti, Stephen and Haas, David W and Sterling, Timothy R and others},
	journal={Journal of acquired immune deficiency syndromes (1999)},
	volume={76},
	number={5},
	pages={527},
	year={2017},
	publisher={NIH Public Access}
}


@article{meintjes2017adult,
	title={Adult antiretroviral therapy guidelines 2017},
	author={Meintjes, Graeme and Moorhouse, Michelle A and Carmona, Sergio and Davies, Natasha and Dlamini, Sipho and Van Vuuren, Cloete and Manzini, Thandekile and Mathe, Moeketsi and Moosa, Yunus and Nash, Jennifer and others},
	journal={Southern African Journal of HIV Medicine},
	volume={18},
	number={1},
	year={2017}
}
@article{hamers2011hiv,
  title={HIV-1 drug resistance in antiretroviral-naive individuals in sub-Saharan Africa after rollout of antiretroviral therapy: a multicentre observational study},
  author={Hamers, Raph L and Wallis, Carole L and Kityo, Cissy and Siwale, Margaret and Mandaliya, Kishor and Conradie, Francesca and Botes, Mariette E and Wellington, Maureen and Osibogun, Akin and Sigaloff, Kim CE and others},
  journal={The Lancet infectious diseases},
  volume={11},
  number={10},
  pages={750--759},
  year={2011},
  publisher={Elsevier}
}
@article{gupta2018hiv,
	title={HIV-1 drug resistance before initiation or re-initiation of first-line antiretroviral therapy in low-income and middle-income countries: a systematic review and meta-regression analysis},
	author={Gupta, Ravindra K and Gregson, John and Parkin, Neil and Haile-Selassie, Hiwot and Tanuri, Amilcar and Forero, Liliana Andrade and Kaleebu, Pontiano and Watera, Christine and Aghokeng, Avelin and Mutenda, Nicholus and others},
	journal={The Lancet infectious diseases},
	volume={18},
	number={3},
	pages={346--355},
	year={2018},
	publisher={Elsevier}
}
@article{wang2016estimates,
	title={Estimates of global, regional, and national incidence, prevalence, and mortality of HIV, 1980--2015: the Global Burden of Disease Study 2015},
	author={Wang, Haidong and Wolock, Tim M and Carter, Austin and Nguyen, Grant and Kyu, Hmwe Hmwe and Gakidou, Emmanuela and Hay, Simon I and Mills, Edward J and Trickey, Adam and Msemburi, William and others},
	journal={The lancet HIV},
	volume={3},
	number={8},
	pages={e361--e387},
	year={2016},
	publisher={Elsevier}
}
@article{little2002antiretroviral,
	title={Antiretroviral-drug resistance among patients recently infected with HIV},
	author={Little, Susan J and Holte, Sarah and Routy, Jean-Pierre and Daar, Eric S and Markowitz, Marty and Collier, Ann C and Koup, Richard A and Mellors, John W and Connick, Elizabeth and Conway, Brian and others},
	journal={New England Journal of Medicine},
	volume={347},
	number={6},
	pages={385--394},
	year={2002},
	publisher={Mass Medical Soc}
}
@article{schultze2019effect,
	title={The effect of primary drug resistance on CD4+ cell decline and the viral load set-point in HIV-positive individuals before the start of antiretroviral therapy},
	author={Schultze, Anna and Torti, Carlo and Cozzi-Lepri, Alessandro and Vandamme, Anne-Mieke and Zazzi, Maurizio and Sambatakou, Helen and De Luca, Andrea and Geretti, Anna M and Sonnerborg, Anders and Ruiz, Lidia and others},
	journal={Aids},
	volume={33},
	number={2},
	pages={315--326},
	year={2019},
	publisher={LWW}
}
@article{perelson1996hiv,
	title={HIV-1 dynamics in vivo: virion clearance rate, infected cell life-span, and viral generation time},
	author={Perelson, Alan S and Neumann, Avidan U and Markowitz, Martin and Leonard, John M and Ho, David D},
	journal={Science},
	volume={271},
	number={5255},
	pages={1582--1586},
	year={1996},
	publisher={American Association for the Advancement of Science}
}
@article{sebastian1997pre,
	title={Pre--existence and emergence of drug resistance in HIV--1 infection},
	author={Sebastian, Bonhoeffer and Martin, A Nowak},
	journal={Proceedings of the Royal Society of London. Series B: Biological Sciences},
	volume={264},
	number={1382},
	pages={631--637},
	year={1997},
	publisher={The Royal Society}
}
@article{ren2008structural,
	title={Structural basis for drug resistance mechanisms for non-nucleoside inhibitors of HIV reverse transcriptase},
	author={Ren, Jingshan and Stammers, David K},
	journal={Virus research},
	volume={134},
	number={1-2},
	pages={157--170},
	year={2008},
	publisher={Elsevier}
}
@article{koval2006relative,
	title={Relative replication fitness of efavirenz-resistant mutants of HIV-1: correlation with frequency during clinical therapy and evidence of compensation for the reduced fitness of K103N+ L100I by the nucleoside resistance mutation L74V},
	author={Koval, Christine E and Dykes, Carrie and Wang, Jiong and Demeter, Lisa M},
	journal={Virology},
	volume={353},
	number={1},
	pages={184--192},
	year={2006},
	publisher={Elsevier}
}

@article{goldberg2012outwitting,
	title={Outwitting evolution: fighting drug-resistant TB, malaria, and HIV},
	author={Goldberg, Daniel E and Siliciano, Robert F and Jacobs Jr, William R},
	journal={Cell},
	volume={148},
	number={6},
	pages={1271--1283},
	year={2012},
	publisher={Elsevier}
}

@article{tang2012hiv,
	title={HIV-1 antiretroviral resistance},
	author={Tang, Michele W and Shafer, Robert W},
	journal={Drugs},
	volume={72},
	number={9},
	pages={e1--e25},
	year={2012},
	publisher={Springer}
}

@article{hamers2012effect,
	title={Effect of pretreatment HIV-1 drug resistance on immunological, virological, and drug-resistance outcomes of first-line antiretroviral treatment in sub-Saharan Africa: a multicentre cohort study},
	author={Hamers, Raph L and Schuurman, Rob and Sigaloff, Kim CE and Wallis, Carole L and Kityo, Cissy and Siwale, Margaret and Mandaliya, Kishor and Ive, Prudence and Botes, Mariette E and Wellington, Maureen and others},
	journal={The Lancet infectious diseases},
	volume={12},
	number={4},
	pages={307--317},
	year={2012},
	publisher={Elsevier}
}

@article{avila2016pretreatment,
	title={Pretreatment HIV-drug resistance in Mexico and its impact on the effectiveness of first-line antiretroviral therapy: a nationally representative 2015 WHO survey},
	author={{\'A}vila-R{\'\i}os, Santiago and Garc{\'\i}a-Morales, Claudia and Mat{\'\i}as-Florentino, Margarita and Romero-Mora, Karla A and Tapia-Trejo, Daniela and Quiroz-Morales, Ver{\'o}nica S and Reyes-Gopar, Helena and Ji, Hezhao and Sandstrom, Paul and Casillas-Rodr{\'\i}guez, Jes{\'u}s and others},
	journal={The Lancet HIV},
	volume={3},
	number={12},
	pages={e579--e591},
	year={2016},
	publisher={Elsevier}
}
@article{zur2011population,
	title={Population biological principles of drug-resistance evolution in infectious diseases},
	author={zur Wiesch, Pia Abel and Kouyos, Roger and Engelst{\"a}dter, Jan and Regoes, Roland R and Bonhoeffer, Sebastian},
	journal={The Lancet infectious diseases},
	volume={11},
	number={3},
	pages={236--247},
	year={2011},
	publisher={Elsevier}
}

@article{kepler1998drug,
	title={Drug concentration heterogeneity facilitates the evolution of drug resistance},
	author={Kepler, Thomas B and Perelson, Alan S},
	journal={Proceedings of the National Academy of Sciences},
	volume={95},
	number={20},
	pages={11514--11519},
	year={1998},
	publisher={National Acad Sciences}
}

@article{hamers2018hiv,
	title={HIV drug resistance in low-income and middle-income countries},
	author={Hamers, Raph L and de Wit, Tobias F Rinke and Holmes, Charles B},
	journal={The Lancet HIV},
	volume={5},
	number={10},
	pages={e588--e596},
	year={2018},
	publisher={Elsevier}
}

@misc{unaidsreport2019,
	title = {{UNAIDS} Data 2019.},
	howpublished = {\url{https://www.unaids.org/sites/default/files/media_asset/2019-UNAIDS-data_en.pdf}},
	note = {Accessed: 2019-11-13}
}
@misc{whoreco,
	title = {{WHO. Consolidated guidelines on the use of antiretroviral drugs
	for treating and preventing HIV infection: recommendations for a
	public health approachâ€“second edition. 2016.}},
	howpublished = {\url{http://www.who.int/hiv/pub/arv/arv-2016/en/}},
	note = {Accessed: 2019-11-13}
}

@article{kuritzkes2008preexisting,
	title={Preexisting resistance to nonnucleoside reverse-transcriptase inhibitors predicts virologic failure of an efavirenz-based regimen in treatment-naive HIV-1--infected subjects},
	author={Kuritzkes, Daniel R and Lalama, Christina M and Ribaudo, Heather J and Marcial, Michelle and Meyer III, William A and Shikuma, Cecilia and Johnson, Victoria A and Fiscus, Susan A and Dâ€™Aquila, Richard T and Schackman, Bruce R and others},
	journal={The Journal of infectious diseases},
	volume={197},
	number={6},
	pages={867--870},
	year={2008},
	publisher={The University of Chicago Press}
}

@article{wittkop2011effect,
	title={Effect of transmitted drug resistance on virological and immunological response to initial combination antiretroviral therapy for HIV (EuroCoord-CHAIN joint project): a European multicohort study},
	author={Wittkop, Linda and G{\"u}nthard, Huldrych F and De Wolf, Frank and Dunn, David and Cozzi-Lepri, Alessandro and De Luca, Andrea and K{\"u}cherer, Claudia and Obel, Niels and Von Wyl, Viktor and Masquelier, Bernard and others},
	journal={The Lancet infectious diseases},
	volume={11},
	number={5},
	pages={363--371},
	year={2011},
	publisher={Elsevier}
}

@article{hughes2015evolutionary,
	title={Evolutionary consequences of drug resistance: shared principles across diverse targets and organisms},
	author={Hughes, Diarmaid and Andersson, Dan I},
	journal={Nature Reviews Genetics},
	volume={16},
	number={8},
	pages={459--471},
	year={2015},
	publisher={Nature Publishing Group}
}

@misc{unaidsdata2018,
	title = {{UNAIDS. Global HIV and AIDS statistics}},
	howpublished = {\url{http://www.unaids.org/en/resources/fact-sheet}},
	note = {Accessed: 2019-04-29}
}


@misc{worldbank,
	title = {{World Bank. Health Nutrition and Population Statistics.}},
	howpublished = {\url{https://data.worldbank.org/}},
	note = {Accessed: 2019-04-29}
}

@article{carpenter2017stan,
	title={Stan: A probabilistic programming language},
	author={Carpenter, Bob and Gelman, Andrew and Hoffman, Matthew D and Lee, Daniel and Goodrich, Ben and Betancourt, Michael and Brubaker, Marcus and Guo, Jiqiang and Li, Peter and Riddell, Allen},
	journal={Journal of statistical software},
	volume={76},
	number={1},
	year={2017},
	publisher={Columbia Univ., New York, NY (United States); Harvard Univ., Cambridge, MA~â€¦}
}
@article{gabry2019visualization,
	title={Visualization in Bayesian workflow},
	author={Gabry, Jonah and Simpson, Daniel and Vehtari, Aki and Betancourt, Michael and Gelman, Andrew},
	journal={Journal of the Royal Statistical Society: Series A (Statistics in Society)},
	volume={182},
	number={2},
	pages={389--402},
	year={2019},
	publisher={Wiley Online Library}
}
@article{yu2009variance,
	title={Variance stabilizing transformations of Poisson, binomial and negative binomial distributions},
	author={Yu, Guan},
	journal={Statistics \& Probability Letters},
	volume={79},
	number={14},
	pages={1621--1629},
	year={2009},
	publisher={Elsevier}
}
@article{zash2018neural,
	title={Neural-tube defects with dolutegravir treatment from the time of conception},
	author={Zash, Rebecca and Makhema, Joseph and Shapiro, Roger L},
	journal={New England Journal of Medicine},
	volume={379},
	number={10},
	pages={979--981},
	year={2018},
	publisher={Mass Medical Soc}
}

@article{supervie2014heterosexual,
	title={Heterosexual risk of HIV transmission per sexual act under combined antiretroviral therapy: systematic review and bayesian modeling},
	author={Supervie, Virginie and Viard, Jean-Paul and Costagliola, Dominique and Breban, Romulus},
	journal={Clinical Infectious Diseases},
	volume={59},
	number={1},
	pages={115--122},
	year={2014},
	publisher={Oxford University Press}
}
@article{rowley2016sharp,
	title={Sharp increase in rates of HIV transmitted drug resistance at antenatal clinics in Botswana demonstrates the need for routine surveillance},
	author={Rowley, CF and MacLeod, IJ and Maruapula, D and Lekoko, B and Gaseitsiwe, S and Mine, M and Essex, M},
	journal={Journal of Antimicrobial Chemotherapy},
	volume={71},
	number={5},
	pages={1361--1366},
	year={2016},
	publisher={Oxford University Press}
}
@article{coetzee2017hiv,
	title={HIV-1 viraemia and drug resistance amongst female sex workers in Soweto, South Africa: A cross sectional study},
	author={Coetzee, Jenny and Hunt, Gillian and Jaffer, Maya and Otwombe, Kennedy and Scott, Lesley and Bongwe, Asiashu and Ledwaba, Johanna and Molema, Sephonono and Jewkes, Rachel and Gray, Glenda E},
	journal={PloS one},
	volume={12},
	number={12},
	pages={e0188606},
	year={2017},
	publisher={Public Library of Science}
}

@article{rutstein2019high,
	title={High rates of transmitted NNRTI resistance among persons with acute HIV infection in Malawi: implications for first-line dolutegravir scale-up},
	author={Rutstein, Sarah E and Chen, Jane S and Nelson, Julie AE and Phiri, Samuel and Miller, William C and Hosseinipour, Mina C},
	journal={AIDS research and therapy},
	volume={16},
	number={1},
	pages={5},
	year={2019},
	publisher={BioMed Central}
}
@article{hauser2019bridging,
	title={Bridging the gap between HIV epidemiology and antiretroviral resistance evolution: Modelling the spread of resistance in South Africa},
	author={Hauser, Anthony and Kusejko, Katharina and Johnson, Leigh F and Wandeler, Gilles and Riou, Julien and Goldstein, Fardo and Egger, Matthias and Kouyos, Roger D},
	journal={PLoS computational biology},
	volume={15},
	number={6},
	pages={e1007083},
	year={2019},
	publisher={Public Library of Science San Francisco, CA USA}
}
@article{hoffman2014no,
	title={The No-U-Turn sampler: adaptively setting path lengths in Hamiltonian Monte Carlo.},
	author={Hoffman, Matthew D and Gelman, Andrew},
	journal={J. Mach. Learn. Res.},
	volume={15},
	number={1},
	pages={1593--1623},
	year={2014}
}

@article{bonhoeffer1997virus,
	title={Virus dynamics and drug therapy},
	author={Bonhoeffer, Sebastian and May, Robert M and Shaw, George M and Nowak, Martin A},
	journal={Proceedings of the National Academy of Sciences},
	volume={94},
	number={13},
	pages={6971--6976},
	year={1997},
	publisher={National Acad Sciences}
}
@article{fingerhuth2016antibiotic,
	title={Antibiotic-resistant Neisseria gonorrhoeae spread faster with more treatment, not more sexual partners},
	author={Fingerhuth, Stephanie M and Bonhoeffer, Sebastian and Low, Nicola and Althaus, Christian L},
	journal={PLoS pathogens},
	volume={12},
	number={5},
	pages={e1005611},
	year={2016},
	publisher={Public Library of Science San Francisco, CA USA}
}

@article{llibre2015genetic,
	title={Genetic barrier to resistance for dolutegravir},
	author={Llibre, Josep M and Pulido, Federico and Garc{\'\i}a, Federico and Garcia Deltoro, Miguel and Blanco, Jos{\'e} L and Delgado, Rafael},
	journal={AIDS Rev},
	volume={17},
	number={1},
	pages={56--64},
	year={2015}
}

@article{little2008persistence,
	title={Persistence of transmitted drug resistance among subjects with primary human immunodeficiency virus infection},
	author={Little, Susan J and Frost, Simon DW and Wong, Joseph K and Smith, Davey M and Pond, Sergei L Kosakovsky and Ignacio, Caroline C and Parkin, Neil T and Petropoulos, Christos J and Richman, Douglas D},
	journal={Journal of virology},
	volume={82},
	number={11},
	pages={5510--5518},
	year={2008},
	publisher={Am Soc Microbiol}
}
@article{stover2012updates,
	title={Updates to the Spectrum/Estimation and Projection Package (EPP) model to estimate HIV trends for adults and children},
	author={Stover, John and Brown, Tim and Marston, Milly},
	journal={Sex Transm Infect},
	volume={88},
	number={Suppl 2},
	pages={i11--i16},
	year={2012},
	publisher={BMJ Publishing Group Ltd}
}
@article{hudson2019evolution,
	title={Evolution of HIV-1 drug resistance after virological failure of first-line antiretroviral therapy in Lusaka Zambia},
	author={Hudson, F Parker and Mulenga, Lloyd and Westfall, Andrew O and Warrier, Ranjit and Mweemba, Aggrey and Saag, Michael S and Stringer, Jeffrey SA and Eron, Joseph J and Chi, Benjamin H},
	journal={Antiviral therapy},
	year={2019}
}
@article{boender2016accumulation,
	title={Accumulation of HIV-1 drug resistance after continued virological failure on first-line ART in adults and children in sub-Saharan Africa},
	author={Boender, T Sonia and Kityo, Cissy M and Boerma, Ragna S and Hamers, Raph L and Ondoa, Pascale and Wellington, Maureen and Siwale, Margaret and Nankya, Immaculate and Kaudha, Elizabeth and Akanmu, Alani Sulaimon and others},
	journal={Journal of Antimicrobial Chemotherapy},
	volume={71},
	number={10},
	pages={2918--2927},
	year={2016},
	publisher={Oxford University Press}
}


@article{johnson2014thembisa,
	title={THEMBISA version 1.0: A model for evaluating the impact of HIV/AIDS in South Africa},
	author={Johnson, Leigh and Dorrington, Rob and Rehle, Thomas and Jooste, Sean and Bekker, Linda-Gail and Wallace, Melissa and Myer, Landon and Boulle, Andrew},
	journal={Centre for Infectious Disease Epidemiology and Research Working Paper February},
	volume={2014},
	year={2014}
}
@article{haas2015monitoring,
	title={Monitoring and switching of first-line antiretroviral therapy in adult treatment cohorts in sub-Saharan Africa: collaborative analysis},
	author={Haas, Andreas D and Keiser, Olivia and Balestre, Eric and Brown, Steve and Bissagnene, Emmanuel and Chimbetete, Cleophas and Dabis, Fran{\c{c}}ois and Davies, Mary-Ann and Hoffmann, Christopher J and Oyaro, Patrick and others},
	journal={The lancet HIV},
	volume={2},
	number={7},
	pages={e271--e278},
	year={2015},
	publisher={Elsevier}
}

@misc{unaids15by15,
	title = {{UNAIDS. ``15 by 15": a global target achieved.}},
	howpublished = {\url{https://www.unaids.org/sites/default/files/media_asset/UNAIDS_15by15_en.pdf}},
	note = {Accessed: 2019-05-15}
}
@misc{whoresistancereport,
	title = {{WHO. HIV drug resistance report 2017.}},
	howpublished = {\url{http://www.who.int/hiv/pub/drugresistance/hivdr-report-2017/en/}},
	note = {Accessed: 2019-05-15}
}
@article{dormand1980family,
	title={A family of embedded Runge-Kutta formulae},
	author={Dormand, John R and Prince, Peter J},
	journal={Journal of computational and applied mathematics},
	volume={6},
	number={1},
	pages={19--26},
	year={1980},
	publisher={Elsevier}
}
@article{lewandowski2009generating,
	title={Generating random correlation matrices based on vines and extended onion method},
	author={Lewandowski, Daniel and Kurowicka, Dorota and Joe, Harry},
	journal={Journal of multivariate analysis},
	volume={100},
	number={9},
	pages={1989--2001},
	year={2009},
	publisher={Elsevier}
}
@article{clavel2004hiv,
	title={HIV drug resistance},
	author={Clavel, Fran{\c{c}}ois and Hance, Allan J},
	journal={New England Journal of Medicine},
	volume={350},
	number={10},
	pages={1023--1035},
	year={2004},
	publisher={Mass Medical Soc}
}
@article{roberts1988accuracy,
	title={The accuracy of reverse transcriptase from HIV-1},
	author={Roberts, John D and Bebenek, Katarzyna and Kunkel, Thomas A},
	journal={Science},
	volume={242},
	number={4882},
	pages={1171--1173},
	year={1988},
	publisher={American Association for the Advancement of Science}
}
@article{bangsberg2004paradoxes,
	title={Paradoxes of adherence and drug resistance to HIV antiretroviral therapy},
	author={Bangsberg, David R and Moss, Andrew R and Deeks, Steven G},
	journal={Journal of Antimicrobial Chemotherapy},
	volume={53},
	number={5},
	pages={696--699},
	year={2004},
	publisher={Oxford University Press}
}
@article{de2018hiv,
	title={HIV drug resistance in sub-Saharan Africa: public health questions and the potential role of real-world data and mathematical modelling},
	author={de Waal, Rene{\'e} and Lessells, Richard and Hauser, Anthony and Kouyos, Roger and Davies, Mary-Ann and Egger, Matthias and Wandeler, Gilles},
	journal={Journal of virus eradication},
	volume={4},
	number={Suppl 2},
	pages={55},
	year={2018},
	publisher={Mediscript}
}
@article{nachega2014addressing,
	title={Addressing the Achilles' heel in the HIV care continuum for the success of a test-and-treat strategy to achieve an AIDS-free generation},
	author={Nachega, Jean B and Uthman, Olalekan A and Del Rio, Carlos and Mugavero, Michael J and Rees, Helen and Mills, Edward J},
	journal={Clinical Infectious Diseases},
	volume={59},
	number={suppl\_1},
	pages={S21--S27},
	year={2014},
	publisher={Oxford University Press}
}
@article{hoffman2014no,
	title={The No-U-Turn sampler: adaptively setting path lengths in Hamiltonian Monte Carlo.},
	author={Hoffman, Matthew D and Gelman, Andrew},
	journal={Journal of Machine Learning Research},
	volume={15},
	number={1},
	pages={1593--1623},
	year={2014}
}
