@article{hamers2018hiv,
  title={HIV drug resistance in low-income and middle-income countries},
  author={Hamers, Raph L and de Wit, Tobias F Rinke and Holmes, Charles B},
  journal={The Lancet HIV},
  year={2018},
  publisher={Elsevier}
}
@article{gupta2018hiv,
	title={HIV-1 drug resistance before initiation or re-initiation of first-line antiretroviral therapy in low-income and middle-income countries: a systematic review and meta-regression analysis},
	author={Gupta, Ravindra K and Gregson, John and Parkin, Neil and Haile-Selassie, Hiwot and Tanuri, Amilcar and Forero, Liliana Andrade and Kaleebu, Pontiano and Watera, Christine and Aghokeng, Avelin and Mutenda, Nicholus and others},
	journal={The Lancet infectious diseases},
	volume={18},
	number={3},
	pages={346--355},
	year={2018},
	publisher={Elsevier}
}
@article{supervie2014heterosexual,
	title={Heterosexual risk of HIV transmission per sexual act under combined antiretroviral therapy: systematic review and bayesian modeling},
	author={Supervie, Virginie and Viard, Jean-Paul and Costagliola, Dominique and Breban, Romulus},
	journal={Clinical Infectious Diseases},
	volume={59},
	number={1},
	pages={115--122},
	year={2014},
	publisher={Oxford University Press}
}
